@MISC{modultestwiki,
  TITLE = "Modultest",
  HOWPUBLISHED = "https://de.wikipedia.org/wiki/Modultest",
  Note = "Accessed 18.11.2017"
  }

@MISC{swtestwiki,
  TITLE = "Softwaretest",
  HOWPUBLISHED = "https://de.wikipedia.org/wiki/Softwaretest",
  Note = "Accessed 18.11.2017"
  }

@MISC{frameworkwiki,
  TITLE = "Framework",
  HOWPUBLISHED = "https://de.wikipedia.org/wiki/Framework",
  Note = "Accessed 19.11.2017"
  }
